<record><leader>00000cas a2200000 a 4500</leader><controlfield tag="001">12703408</controlfield><controlfield tag="008">851022d18891890ksudr ne      0    0eng d</controlfield><datafield ind1=" " ind2=" " tag="010"><subfield code="a">sn 85032844 </subfield></datafield><datafield ind1=" " ind2=" " tag="040"><subfield code="a">KSH</subfield><subfield code="b">eng</subfield><subfield code="c">KSH</subfield><subfield code="d">NPT</subfield><subfield code="d">OCL</subfield><subfield code="d">OCLCQ</subfield></datafield><datafield ind1=" " ind2=" " tag="042"><subfield code="a">msc</subfield></datafield><datafield ind1="0" ind2=" " tag="130"><subfield code="a">Daily gazette (Wellington, Kan.)</subfield></datafield><datafield ind1="1" ind2="4" tag="245"><subfield code="a">The daily gazette.</subfield></datafield><datafield ind1=" " ind2=" " tag="260"><subfield code="a">Wellington, Kan. :</subfield><subfield code="b">Gazette Print. Co.,</subfield><subfield code="c">1889-1890.</subfield></datafield><datafield ind1=" " ind2=" " tag="300"><subfield code="a">1 v. :</subfield><subfield code="b">ill. (chiefly advertisements) ;</subfield><subfield code="c">44 cm.</subfield></datafield><datafield ind1=" " ind2=" " tag="310"><subfield code="a">Daily (except Sunday)</subfield></datafield><datafield ind1="0" ind2=" " tag="362"><subfield code="a">Vol. 1, no. 1 (Sept. 7, 1889)-v. 1, no. 203 (May 3, 1890).</subfield></datafield><datafield ind1=" " ind2=" " tag="500"><subfield code="a">Published by: John T. Nixon &amp; John H. Shade, Nov. 4, 1889-Jan. 28, 1890; John H. Shade, Jan. 29-May 3, 1890.</subfield></datafield><datafield ind1=" " ind2=" " tag="752"><subfield code="a">United States</subfield><subfield code="b">Kansas</subfield><subfield code="c">Sumner</subfield><subfield code="d">Wellington.</subfield></datafield><datafield ind1="0" ind2="4" tag="785"><subfield code="t">Daily mail (Wellington, Kan. : 1889)</subfield><subfield code="w">(DLC)sn 85032845</subfield></datafield><datafield ind1="1" ind2=" " tag="029"><subfield code="a">AU@</subfield><subfield code="b">000022167350</subfield></datafield></record>